@book{Alcubierre,
  author = {Alcubierre, Miguel},
  year = {2008},
  title = {Introduction to 3+1 Numerical Relativity},
  publisher = {Oxford University Press}
}

@software{SpEC,
  author = {Kidder, Lawrence and Pfeiffer, Harald and Scheel, Mark and others},
  title = {Spectral Einstein Code (SpEC)},
  url = "https://black-holes.org/code/SpEC",
}

@software{SpECTRE,
  author = "Deppe, Nils and Throwe, William and Kidder, Lawrence E. and others",
  title = "SpECTRE",
  version = "2024.02.05",
  publisher = "Zenodo",
  doi = "10.5281/zenodo.10619885",
  url = "https://spectre-code.org",
  howpublished = "\href{https://doi.org/10.5281/zenodo.10619885}{10.5281/zenodo.10619885}",
  license = "MIT",
  year = "2024",
  month = "2"
}

@article{Serguei,
  title={Improvements to the construction of binary black hole initial data},
  volume={32},
  ISSN={1361-6382},
  url={http://dx.doi.org/10.1088/0264-9381/32/24/245010},
  DOI={10.1088/0264-9381/32/24/245010},
  number={24},
  journal={Classical and Quantum Gravity},
  publisher={IOP Publishing},
  author={Ossokine, Serguei and Foucart, Francois and Pfeiffer, Harald P and others},
  year={2015},
  month=dec,
  pages={245010}
}

@article{Kidder,
  title = {SpECTRE: A task-based discontinuous Galerkin code for relativistic astrophysics},
  journal = {Journal of Computational Physics},
  volume = {335},
  pages = {84-114},
  year = {2017},
  issn = {0021-9991},
  doi = {https://doi.org/10.1016/j.jcp.2016.12.059},
  url = {https://www.sciencedirect.com/science/article/pii/S0021999117300098},
  author = {Lawrence E. Kidder and Scott E. Field and Francois Foucart and others},
}

@article{Vu,
  title = {A scalable elliptic solver with task-based parallelism for the SpECTRE numerical relativity code},
  author = {Vu, Nils L. and Pfeiffer, Harald P. and Bonilla, Gabriel S. and others},
  journal = {Phys. Rev. D},
  volume = {105},
  issue = {8},
  pages = {084027},
  numpages = {26},
  year = {2022},
  month = {Apr},
  publisher = {American Physical Society},
  doi = {10.1103/PhysRevD.105.084027},
  url = {https://link.aps.org/doi/10.1103/PhysRevD.105.084027},
}

