@book{hartle,
  author = {James B. Hartle},
  year = {2003},
  title = {Gravity: an introduction to Einstein's general relativity},
  publisher = {Addison Wesley}
}

@article{WangYau_2009,
  title = {Quasilocal Mass in General Relativity},
  author = {Wang, Mu-Tao and Yau, Shing-Tung},
  journal = {Phys. Rev. Lett.},
  volume = {102},
  issue = {2},
  pages = {021101},
  numpages = {4},
  year = {2009},
  month = {Jan},
  publisher = {American Physical Society},
  doi = {10.1103/PhysRevLett.102.021101},
  url = {https://link.aps.org/doi/10.1103/PhysRevLett.102.021101}
}


@misc{Yau_2023,
      title={Properties of Quasi-local mass in binary black hole mergers}, 
      author={Daniel Pook-Kolb and Bowen Zhao and Lars Andersson and Badri Krishnan and Shing-Tung Yau},
      year={2023},
      eprint={2308.10906},
      archivePrefix={arXiv},
      primaryClass={gr-qc},
      howpublished = {\url{https://arxiv.org/abs/2308.10906}}
}

@misc{SpEC,
      author={SXS collaboration}, 
			title={Spectral Einstein Code},
      howpublished = {\url{https://black-holes.org/code/SpEC}}
}

@misc{APS_poster,
      title={Testing a new algorithm for isometric embedding of black hole horizons}, 
      author={Iago Mendes},
      year={2023},
			month = {April},
			eprint={2308.10906},
      howpublished = {\url{https://meetings.aps.org/Meeting/APR23/Session/P01.49}}
}
