@book{BaumgarteShapiro,
  author={Baumgarte, Thomas W. and Shapiro, Stuart L.},
  title={Numerical Relativity: Solving Einstein's Equations on the Computer},
  publisher={Cambridge University Press},
  year={2010},
  isbn = {9781139193344},
  doi = {10.1017/CBO9781139193344},
}

@article{Serguei,
  title={Improvements to the construction of binary black hole initial data},
  volume={32},
  ISSN={1361-6382},
  DOI={10.1088/0264-9381/32/24/245010},
  number={24},
  journal={Classical and Quantum Gravity},
  publisher={IOP Publishing},
  author={Ossokine, Serguei and Foucart, Francois and Pfeiffer, Harald P and others},
  year={2015},
  month=dec,
  pages={245010}
}
